<?xml version="1.0" encoding="UTF-8"?><collection xmlns="http://www.loc.gov/MARC21/slim"><record><leader>00844nam--2200265-u-4500</leader><controlfield tag="001">000050307</controlfield><controlfield tag="002">20161230</controlfield><controlfield tag="003">81771</controlfield><controlfield tag="005">20161230201048</controlfield><controlfield tag="008">060524s1000------------r-----000-0-eng-d</controlfield><datafield ind1="0" ind2="0" tag="020"><subfield code="a">3-540-20357-5</subfield></datafield><datafield ind1=" " ind2=" " tag="040"><subfield code="a">IFIN-HH</subfield></datafield><datafield ind1=" " ind2=" " tag="041"><subfield code="a">eng</subfield></datafield><datafield ind1="1" ind2=" " tag="100"><subfield code="a">Connes, A</subfield></datafield><datafield ind1="1" ind2="0" tag="245"><subfield code="a">Noncommutative geometry</subfield><subfield code="b">Lectures given at the CIME Summer School held in Martina Franca, Italy, September 3-9, 2000</subfield><subfield code="c">A. Connes, J. Cuntz, E. Guentner, N. Higson, J. Kaminker and J.E. Roberts</subfield></datafield><datafield ind1=" " ind2=" " tag="260"><subfield code="a">New York</subfield><subfield code="b">Springer</subfield><subfield code="c">2004</subfield></datafield><datafield ind1=" " ind2=" " tag="300"><subfield code="a">xiv, 348 p</subfield></datafield><datafield ind1=" " ind2=" " tag="490"><subfield code="a">Lectures Notes in Mathematics</subfield><subfield code="v">vol. 1831</subfield></datafield><datafield ind1=" " ind2=" " tag="504"><subfield code="a">Contine Referinte bibliografice</subfield></datafield><datafield ind1=" " ind2="0" tag="650"><subfield code="a">Noncommutative differential geometry</subfield></datafield><datafield ind1="1" ind2=" " tag="700"><subfield code="a">Connes, A</subfield></datafield><datafield ind1="1" ind2="0" tag="700"><subfield code="a">Roberts, J.E</subfield></datafield><datafield ind1=" " ind2=" " tag="700"><subfield code="a">Kaminker, J</subfield></datafield><datafield ind1=" " ind2=" " tag="852"><subfield code="a">81771</subfield></datafield><datafield ind1=" " ind2=" " tag="CAT"><subfield code="a">Sys</subfield><subfield code="c">20060524</subfield><subfield code="h">133636</subfield></datafield></record></collection>